@misc{ whoinfluenza_keyfacts,
	title = {WHO - Influenza (Seasonal)},
	howpublished = {http://www.who.int/mediacentre/factsheets/fs211/en/},
	month = {November},	
	year = 2016,
	note = {ultimo accesso 22/08/2017}
}

@misc{ecdc_keyfacts,
	title = {ECDC - Factsheet about seasonal influenza},
	howpublished = {https://ecdc.europa.eu/en/seasonal-influenza/facts/factsheet},
	year = 2017,
	note = {ultimo accesso 26/08/2017}
}

@misc{epicentro,
	title = {EpiCentro - Aspetti epidemiologici},
	howpublished = {http://www.epicentro.iss.it/problemi/influenza/epidItalia.asp},
	note = {ultimo accesso 22/08/2017}
}

@article{PLLai2011,
  	author = {PL Lai et al.},
  	title = {Burden of the 1999-2008 Seasonal Influenza Epidemics in Italy: Comparison With the H1N1v (A/California/07/09) Pandemic},
  	journal = {Hum Vaccin 7 Suppl.},
  	pages = {217-225},
  	year = {2011}
}

@article{Sessa2005,
	author = {Sessa, Aurelio and Lucioni, C and D'Ambrosio, Gaetano and Bettoncelli, Germano},
	year = {2005},
	month = {01},
	pages = {14-20},
	title = {Economic evaluation of clinical influenza in Italy},
	volume = {7},
	booktitle = {International Journal of Medicine}
}

@misc{whoinfluenza_surveillance,
	title = {WHO - Influenza, Surveillance and Monitoring},
	howpublished = {http://www.who.int/influenza/surveillance_monitoring/en},
	year = 2016,
	note = {ultimo accesso 25/08/2017}
}

@misc{influnet,
	title = {InfluNet},
	howpublished = {http://www.iss.it/iflu},
	year = {2013},
	note = {ultimo accesso 25/08/2017}
}

@misc{influnet_bollettini,
	title = {FluNews - Rapporto Epidemiologico Settimanale},
	howpublished = {http://www.epicentro.iss.it/problemi/influenza/FluNews.asp},
	year = {2017},
	note = {ultimo accesso 25/08/2017}
}

@article{McIver2014,
    author = {McIver, David J. AND Brownstein, John S.},
    journal = {PLOS Computational Biology},
    publisher = {Public Library of Science},
    title = {Wikipedia Usage Estimates Prevalence of Influenza-Like Illness in the United States in Near Real-Time},
    year = {2014},
    month = {04},
    volume = {10},
    url = {https://doi.org/10.1371/journal.pcbi.1003581},
    pages = {1-8},
    number = {4},
    doi = {10.1371/journal.pcbi.1003581}
}

@article{Hickmann2015,
    author = {Hickmann, Kyle S. AND Fairchild, Geoffrey AND Priedhorsky, Reid AND Generous, Nicholas AND Hyman, James M. AND Deshpande, Alina AND Del Valle, Sara Y.},
    journal = {PLOS Computational Biology},
    publisher = {Public Library of Science},
    title = {Forecasting the 2013â€“2014 Influenza Season Using Wikipedia},
    year = {2015},
    month = {05},
    volume = {11},
    url = {https://doi.org/10.1371/journal.pcbi.1004239},
    pages = {1-29},
    number = {5},
    doi = {10.1371/journal.pcbi.1004239}
}

@misc{googleflutrends,
	title = {Google Flu Trends},
	howpublished = {https://www.google.org/flutrends/about/},
	year = {2014},
	note = {ultimo accesso 26/08/2017}
}

@article{Signorini2011,
    author = {Signorini, Alessio AND Segre, Alberto Maria AND Polgreen, Philip M.},
    journal = {PLOS ONE},
    publisher = {Public Library of Science},
    title = {The Use of Twitter to Track Levels of Disease Activity and Public Concern in the U.S. during the Influenza A H1N1 Pandemic},
    year = {2011},
    month = {05},
    volume = {6},
    url = {https://doi.org/10.1371/journal.pone.0019467},
    pages = {1-10},
    number = {5},
    doi = {10.1371/journal.pone.0019467}
}

@misc{wikipedia_stats,
	title = {Wikipedia Statistics - Charts Italian},
	howpublished = {https://stats.wikimedia.org/EN/ChartsWikipediaIT.htm},
	year = {2017},
	note = {ultimo accesso 26/08/2017}
}

@misc{it_wikipedia_views_2016,
	title = {Analisi Visualizzazioni Totali it.wikipedia.org},
	howpublished = {https://tools.wmflabs.org/siteviews/?platform=all-access\&source=pageviews\&agent=user\&range=last-year\&sites=it.wikipedia.org},
	year = {2017},
	note = {ultimo accesso 26/08/2017}
}

@misc{wikipedia_pageviews,
	title = {Page view statistics for Wikimedia projects},
	howpublished = {https://dumps.wikimedia.org/other/pagecounts-raw/},
	year = {2017},
	note = {ultimo accesso 26/08/2017}
}

